<record><leader>00000cas a22000007a 4500</leader><controlfield tag="001">28493636</controlfield><controlfield tag="008">930723d19041906caudn ne      0    0eng d</controlfield><datafield ind1=" " ind2=" " tag="010"><subfield code="a">sn 93052033 </subfield></datafield><datafield ind1=" " ind2=" " tag="040"><subfield code="a">CUY</subfield><subfield code="b">eng</subfield><subfield code="c">CNK</subfield><subfield code="d">OCLCQ</subfield><subfield code="d">OCLCF</subfield><subfield code="d">OCLCO</subfield></datafield><datafield ind1="1" ind2=" " tag="029"><subfield code="a">AU@</subfield><subfield code="b">000025897096</subfield></datafield><datafield ind1=" " ind2=" " tag="042"><subfield code="a">msc</subfield></datafield><datafield ind1="0" ind2="0" tag="245"><subfield code="a">Chico daily morning record.</subfield></datafield><datafield ind1=" " ind2=" " tag="260"><subfield code="a">Chico, Butte County, Cal. :</subfield><subfield code="b">Richards &amp; Deuel</subfield></datafield><datafield ind1=" " ind2=" " tag="300"><subfield code="a">v.</subfield></datafield><datafield ind1=" " ind2=" " tag="310"><subfield code="a">Daily (except Mon.)</subfield></datafield><datafield ind1="0" ind2=" " tag="362"><subfield code="a">Vol. 53, no. 123 (May 14, 1904)-v. 57, no. 10 (Jan. 13, 1906).</subfield></datafield><datafield ind1=" " ind2="0" tag="651"><subfield code="a">Chico (Calif.)</subfield><subfield code="v">Newspapers.</subfield></datafield><datafield ind1=" " ind2="7" tag="655"><subfield code="a">Newspapers.</subfield><subfield code="2">fast</subfield><subfield code="0">(OCoLC)fst01423814</subfield></datafield><datafield ind1=" " ind2="7" tag="651"><subfield code="a">California</subfield><subfield code="z">Chico.</subfield><subfield code="2">fast</subfield><subfield code="0">(OCoLC)fst01207020</subfield></datafield><datafield ind1=" " ind2=" " tag="752"><subfield code="a">United States</subfield><subfield code="b">California</subfield><subfield code="c">Butte</subfield><subfield code="d">Chico.</subfield></datafield><datafield ind1="0" ind2=" " tag="775"><subfield code="t">Chico semi-weekly record</subfield><subfield code="w">(DLC)sn 93053000</subfield></datafield><datafield ind1="0" ind2="0" tag="780"><subfield code="t">Chico daily record</subfield><subfield code="w">(DLC)sn 93052034</subfield></datafield><datafield ind1="0" ind2="0" tag="785"><subfield code="t">Chico record</subfield><subfield code="w">(DLC)sn 93053006</subfield></datafield></record>